<record><leader>00000cas a22000007a 4500</leader><controlfield tag="001">13410629</controlfield><controlfield tag="008">860409d19661969paudn ne      0    0eng d</controlfield><datafield ind1=" " ind2=" " tag="010"><subfield code="a">sn 86081605 </subfield></datafield><datafield ind1=" " ind2=" " tag="040"><subfield code="a">NPH</subfield><subfield code="b">eng</subfield><subfield code="c">NPH</subfield><subfield code="d">NSD</subfield><subfield code="d">OCLCQ</subfield><subfield code="d">DLC</subfield><subfield code="d">OCLCF</subfield></datafield><datafield ind1=" " ind2=" " tag="042"><subfield code="a">msc</subfield></datafield><datafield ind1=" " ind2=" " tag="043"><subfield code="a">n-us-pa</subfield></datafield><datafield ind1="0" ind2="0" tag="245"><subfield code="a">Evening herald, and Ashland daily news.</subfield></datafield><datafield ind1="3" ind2="0" tag="246"><subfield code="a">Evening herald</subfield></datafield><datafield ind1=" " ind2=" " tag="260"><subfield code="a">Shenandoah, Pa. :</subfield><subfield code="b">Shenandoah Valley Pub. Co.,</subfield><subfield code="c">1966-1969.</subfield></datafield><datafield ind1=" " ind2=" " tag="300"><subfield code="a">v. :</subfield><subfield code="b">ill. ;</subfield><subfield code="c">56 cm.</subfield></datafield><datafield ind1=" " ind2=" " tag="310"><subfield code="a">Daily (except Sun.)</subfield></datafield><datafield ind1="0" ind2=" " tag="362"><subfield code="a">No. 232 (Oct. 3, 1966) ; -94th yr., no. 81 (Apr. 5, 1969).</subfield></datafield><datafield ind1=" " ind2=" " tag="525"><subfield code="a">Supplements accompany some issues.</subfield></datafield><datafield ind1=" " ind2="0" tag="651"><subfield code="a">Shenandoah (Pa.)</subfield><subfield code="v">Newspapers.</subfield></datafield><datafield ind1=" " ind2="7" tag="655"><subfield code="a">Newspapers.</subfield><subfield code="2">fast</subfield><subfield code="0">(OCoLC)fst01423814</subfield></datafield><datafield ind1=" " ind2="7" tag="651"><subfield code="a">Pennsylvania</subfield><subfield code="z">Shenandoah.</subfield><subfield code="2">fast</subfield><subfield code="0">(OCoLC)fst01221943</subfield></datafield><datafield ind1=" " ind2=" " tag="752"><subfield code="a">United States</subfield><subfield code="b">Pennsylvania</subfield><subfield code="c">Schuylkill</subfield><subfield code="d">Shenandoah.</subfield></datafield><datafield ind1="0" ind2="4" tag="780"><subfield code="t">Evening herald (Shenandoah, Pa. : 1891)</subfield><subfield code="x">2333-1747</subfield><subfield code="w">(DLC)sn 87078000</subfield><subfield code="w">(OCoLC)13619191</subfield></datafield><datafield ind1="0" ind2="4" tag="780"><subfield code="t">Ashland daily news (Ashland, Pa.)</subfield><subfield code="w">(DLC)sn 87078015</subfield></datafield><datafield ind1="0" ind2="7" tag="785"><subfield code="t">Record American (Mahanoy City, Pa.)</subfield><subfield code="w">(DLC)sn 89077648</subfield></datafield><datafield ind1="0" ind2="7" tag="785"><subfield code="t">Evening herald (Shenandoah, Pa. : 1969)</subfield><subfield code="x">1055-8403</subfield><subfield code="w">(DLC)sn 87078182</subfield></datafield></record>